@misc{ wiki:xxx,
	author = "Wikipedia",
	title = "BibTeX --- Wikipedia{,} Die freie Enzyklopädie",
	year = 2010,
	url = { http://de.wikipedia.org/w/index.php?title=BibTeX&oldid=75043260} ,
	note = "[Online; Stand 22. Juni 2010]"
 }
 
@misc{ bibstyle,
	author = "",
	title = "BibTeX and bibliography styles",
	year = "2010",
	url = {http://amath.colorado.edu/documentation/LaTeX/reference/faq/bibstyles.html} ,
	note = "[Online; Stand 22. Juni 2010]"
 }

 @article{lin1973,
	author  = {Shen Lin and Brian W. Kernighan},
	title   = {An Effective Algorithm for the Travelling-Salesman Problem},
	journal = {Operations Research},
	volume  = {21},
	year    = {1973},
	pages   = {498--516},
 }

@article{marchionini,
	address = {{New York, NY, USA}},
	author = {Gary Marchionini},
	journal = {Commun. ACM},
	number = {4},
	pages = {41--46},
	publisher = {ACM},
	title = {{Exploratory search: from finding to understanding}},
	volume = {49},
	year = {2006},
	issn = {0001-0782},
}

@inproceedings{ecs13135,
	booktitle = {SIGCHI 2007 Workshop on Exploratory Search and HCI},
	title = {Bridging the Gap: Using IR Models for Evaluating Exploratory Search Interfaces},
	author = {Max L. Wilson and m.c. schraefel},
	year = {2007}
 }
@inproceedings{citeulike:1220034,
	author = {Kraaij, Wessel and Post, Wilfried},
	booktitle = {Proc. of First Workshop on Evaluating Exploratory Search Systems: SIGIR 2006.},
	citeulike-article-id = {1220034},
	citeulike-linkout-0 = {http://mediaminer.telecom.tno.nl/publications/ess-kraaij-post.pdf},
	keywords = {adaptive, b, context, evaluation, ir, study, trecvid},
	month = {August},
	posted-at = {2007-04-11 09:34:29},
	priority = {0},
	publisher = {ACM Press},
	title = {Task based evaluation of exploratory search systems},
	year = {2006}
}


@inproceedings{WS09,
 	author = {J\"org Waitelonis and Harald Sack},
 	title = {Augmenting Video Search with Linked Open Data},
 	booktitle = {Proc. of Int. Conf. on Semantic Systems 2009},
 	year = {2009},
 	location = {Graz},
 	month = {September}
 }

@techreport{lom,
	Author = {Wayne Hodgins and Erik Duval},
	Biburl = {http://www.bibsonomy.org/bibtex/2c1773fe7e746ce5a239f6442c4879cf5/lysander07},
	Citeulike-Article-Id = {1158615},
	Date-Added = {2009-04-06 00:36:39 +0200},
	Date-Modified = {2009-04-06 00:58:59 +0200},
	Institution = {ISO/IEC},
	Number = {IEEE P1484.12.2/D1},
	Keywords = {lom i2cs09 metadata},
	Posted-At = {2007-03-13 21:17:14},
	Priority = {2},
	Title = {{Draft standard for learning technology - Learning Object Metadata - ISO/IEC 11404}},
	Year = 2002
}

@article{Hausenblas:IEEEIC09,
	Author = {M. Hausenblas},
	Date-Added = {2009-04-01 18:43:22 +0200},
	Date-Modified = {2009-04-01 18:43:22 +0200},
	Journal = {IEEE Internet Computing},
	Keywords = {imported},
	Number = {5},
	Pages = {34--42},
	Title = {{Exploiting Linked Data For Building Web Applications}},
	Volume = {2},
	Year = 2009
}
